paper1/references.bib