fsu_2012/keeneland_progress_report/references.bib